<?xml version="1.0" encoding="UTF-8"?><collection xmlns="http://www.loc.gov/MARC21/slim"><record><leader>00371nam--2200133-i-4500</leader><controlfield tag="001">000006663</controlfield><controlfield tag="002">20161230</controlfield><controlfield tag="005">20161230201026</controlfield><controlfield tag="008">060222s1000------------r-----000-0-eng-d</controlfield><datafield ind1=" " ind2=" " tag="100"><subfield code="a">Ashworth, M.R.F</subfield></datafield><datafield ind1=" " ind2=" " tag="245"><subfield code="a">Trimetric organic analysis. part i: direct methods</subfield></datafield><datafield ind1=" " ind2=" " tag="260"><subfield code="a">New York, Interscience Publishers, 1964 Xx + 501 P</subfield></datafield><datafield ind1=" " ind2=" " tag="490"><subfield code="a">Chemical Analysis</subfield></datafield><datafield ind1=" " ind2=" " tag="852"><subfield code="a">13701</subfield></datafield></record></collection>